<collection xmlns="http://www.loc.gov/MARC21/slim">
<record>
  <leader>00359na 0a22000851i 450 </leader>
  <controlfield tag="001">IT\ICCU\CNCE\059092</controlfield>
  <controlfield tag="005">20040911000000.0</controlfield>
  <datafield tag="100" ind1=" " ind2=" ">
    <subfield code="a">20040911             0itac0103    ba</subfield>
  </datafield>
  <datafield tag="200" ind1="1" ind2=" ">
    <subfield code="a">℗M. Val. Probus ℗De notis Roma. ex codice manuscripto castigatior, auctiorque, quam vnquam antea, factus. Petrus Diaconus de eadem re ad Conradum primum imp. ro. ...</subfield>
  </datafield>
  <datafield tag="801" ind1=" " ind2="3">
    <subfield code="a">IT</subfield>
    <subfield code="b">ICCU</subfield>
    <subfield code="c">20201115</subfield>
  </datafield>
</record>
</collection>
